<?xml version="1.0" encoding="UTF-8"?><record xmlns="http://www.loc.gov/MARC21/slim" xmlns:cinclude="http://apache.org/cocoon/include/1.0" xmlns:zs="http://www.loc.gov/zing/srw/">
  <leader>01023cz  a2200181n  4500</leader>
  <controlfield tag="001">n  89184735 </controlfield>
  <controlfield tag="003">DLC</controlfield>
  <controlfield tag="005">20130308094731.0</controlfield>
  <controlfield tag="008">941028n| azannaabn          |a ana      </controlfield>
  <datafield tag="010" ind1=" " ind2=" ">
    <subfield code="a">n  89184735 </subfield>
  </datafield>
  <datafield tag="035" ind1=" " ind2=" ">
    <subfield code="a">(OCoLC)oca03709138</subfield>
  </datafield>
  <datafield tag="040" ind1=" " ind2=" ">
    <subfield code="a">DLC</subfield>
    <subfield code="b">eng</subfield>
    <subfield code="e">rda</subfield>
    <subfield code="c">DLC</subfield>
    <subfield code="d">DLC-S</subfield>
    <subfield code="d">DLC</subfield>
  </datafield>
  <datafield tag="110" ind1="2" ind2=" ">
    <subfield code="a">Bangladesh University of Engineering and Technology.</subfield>
    <subfield code="b">Department of Water Resources Engineering</subfield>
  </datafield>
  <datafield tag="410" ind1="2" ind2=" ">
    <subfield code="w">nnea</subfield>
    <subfield code="a">Bangladesh University of Engineering and Technology.</subfield>
    <subfield code="b">Dept. of Water Resources Engineering</subfield>
  </datafield>
  <datafield tag="410" ind1="2" ind2=" ">
    <subfield code="a">Bangladesh University of Engineering and Technology.</subfield>
    <subfield code="b">Water Resources Engineering Department</subfield>
  </datafield>
  <datafield tag="510" ind1="2" ind2=" ">
    <subfield code="w">r</subfield>
    <subfield code="i">Hierarchical superior:</subfield>
    <subfield code="a">Bangladesh University of Engineering and Technology</subfield>
  </datafield>
  <datafield tag="670" ind1=" " ind2=" ">
    <subfield code="a">A comparative study of drainage coefficient of Teesta Barrage Project, 1993:</subfield>
    <subfield code="b">t.p. (Dept. of Water Resources Engineering, BUET, Dhaka)</subfield>
  </datafield>
  <datafield tag="670" ind1=" " ind2=" ">
    <subfield code="a">Bangladesh journal of water resource research, Vol. 19, Dec. 2002:</subfield>
    <subfield code="b">t.p. (Water Resources Engineering Department, Bangladesh University of Engineering and Technology)</subfield>
  </datafield>
</record>